<?xml version="1.0"?>
<marc:records xmlns:marc="http://www.loc.gov/MARC21/slim" xmlns:xsi="http://www.w3.org/2001/XMLSchema-instance" xsi:schemaLocation="http://www.loc.gov/MARC21/slim http://www.loc.gov/standards/marcxml/schema/MARC21slim.xsd">
  <marc:record>
    <marc:leader>06762ntm a2200613Iu 4500</marc:leader>
    <marc:controlfield tag="001">9977880950203681</marc:controlfield>
    <marc:controlfield tag="005">20210126100513.0</marc:controlfield>
    <marc:controlfield tag="007">cr#cn#008aaaba</marc:controlfield>
    <marc:controlfield tag="008">201214q14701479fr aip        000 0 frm d</marc:controlfield>
    <marc:datafield ind1=" " ind2="9" tag="099">
  <marc:subfield code="a">LJS 17</marc:subfield>
</marc:datafield>
    <marc:datafield ind1="0" ind2=" " tag="130">
  <marc:subfield code="a">Histoire ancienne jusqu&#x2019;&#xE0; C&#xE9;sar</marc:subfield>
</marc:datafield>
    <marc:datafield ind1="1" ind2="1" tag="245">
  <marc:subfield code="a">Lestorement du monde</marc:subfield>
  <marc:subfield code="h">[electronic resource].</marc:subfield>
</marc:datafield>
    <marc:datafield ind1=" " ind2=" " tag="260">
  <marc:subfield code="a">[Poitou?, France],</marc:subfield>
  <marc:subfield code="c">[147-?]</marc:subfield>
</marc:datafield>
    <marc:datafield ind1=" " ind2=" " tag="300">
  <marc:subfield code="a">1 online resource (351 leaves) :</marc:subfield>
  <marc:subfield code="b">color illustrations.</marc:subfield>
</marc:datafield>
    <marc:datafield ind1=" " ind2=" " tag="500">
  <marc:subfield code="a">Title from rubric (f. 1r, viewed 18 December 2020).</marc:subfield>
</marc:datafield>
    <marc:datafield ind1=" " ind2=" " tag="500">
  <marc:subfield code="a">Collation: Parchment, 351 leaves; 1-10&#x2078; 11&#x2078;&#x207B;&#xB9;(-6) 12-15&#x2078; 16&#x2078;&#x207B;&#xB2;(-1 and another leaf lacking) 17-22&#x2078; 23&#x2078;&#x207B;&#xB9;(-4) 24-32&#x2078; 33&#x2078;&#x207B;&#xB9;(-6) 34-44&#x2078; 45&#x2078;&#x207B;&#x2074; (-5, 6-8 lacking or cancelled);contemporary foliation in roman numerals in red ink (1-95), later (17th-century?) foliation in roman numerals in black ink (96-351), upper center, 1-26, 26, 28-44, [45], 46-85, [87], 88-226, 228-291, 291-344, 344-351.  Horizontal catchwords, lower right last verso.</marc:subfield>
</marc:datafield>
    <marc:datafield ind1=" " ind2=" " tag="500">
  <marc:subfield code="a">Layout: Written in two columns of 37 lines; ruled in faint ink.</marc:subfield>
</marc:datafield>
    <marc:datafield ind1=" " ind2=" " tag="500">
  <marc:subfield code="a">Script: Written in lettre b&#xE2;tarde.</marc:subfield>
</marc:datafield>
    <marc:datafield ind1=" " ind2=" " tag="500">
  <marc:subfield code="a">Decoration: Miniatures attributable to the workshop of the Master of Jeanne de Laval, possibly in Poitou (catalog for Sotheby's 2006 sale); opening leaf with 9-line initial, 18-line column miniature of the creation of Adam, and full floral and acanthus border with 2 coats of arms (f. 1r); 2 extra-wide column miniatures in color and liquid gold (Alexander and a two-headed monster, 19 lines high,1 column wide plus the space between columns, f. 239v; Pompey entering Rome in triumph, 9 lines high, 1 column wide plus the space between columns and space in the lower and outer margins, 346v); 48 column miniatures in color and liquid gold, from 11 lines to 23 lines high;11 6-line or 7-line illuminated initials and 1 4-line initial (f. 299v) in floral designs in red, blue, and orange with white tracery on burnished gold grounds; 2-line or 3-line initial at the start of each chapter in burnished gold on red and blue grounds with white tracery; paragraph marks alternating between blue and burnished gold throughout; rubrication in red throughout.</marc:subfield>
</marc:datafield>
    <marc:datafield ind1=" " ind2=" " tag="500">
  <marc:subfield code="a">Binding: Late 18th-century French morocco, gilt, orange silk pastedowsn and endleaves, gilt edges (catalog for Sotheby's 2006 sale; not included in digital facsimile).</marc:subfield>
</marc:datafield>
    <marc:datafield ind1=" " ind2=" " tag="500">
  <marc:subfield code="a">Origin: Written in France, probably in Poitou and probably in the 1470s (catalog for Sotheby's 2006 sale).</marc:subfield>
</marc:datafield>
    <marc:datafield ind1=" " ind2=" " tag="500">
  <marc:subfield code="a">Dimensions of original manuscript: 324 x 224 (212 x 153) mm.</marc:subfield>
</marc:datafield>
    <marc:datafield ind1="4" ind2=" " tag="510">
  <marc:subfield code="a">Described in W. von Seidlitz, Die illustrierten Handschriften der Hamilton-Sammlung, in Repertorium f&#xFC;r Kunstwissenschaft, VII, 1883,</marc:subfield>
  <marc:subfield code="c">p. 299.</marc:subfield>
</marc:datafield>
    <marc:datafield ind1="4" ind2=" " tag="510">
  <marc:subfield code="a">Listed in exhibition handlist, Bibliotheca Schoenbergiensis, An Exhibition from the Collection of Lawrence J. Schoenberg, University of Pennsylvania, 1995-1996,</marc:subfield>
  <marc:subfield code="c">no. 16.</marc:subfield>
</marc:datafield>
    <marc:datafield ind1="4" ind2=" " tag="510">
  <marc:subfield code="a">Listed in exhibition catalog, Bibliotheca Schoenbergiensis, An Exhibition from the Collection of Lawrence J. Schoenberg, Trout Gallery, Dickinson College, Pennsylvania, 1996,</marc:subfield>
  <marc:subfield code="c">no. 16, fig. 4.</marc:subfield>
</marc:datafield>
    <marc:datafield ind1="4" ind2=" " tag="510">
  <marc:subfield code="a">Described in loan exhibition catalog, Illuminated Manuscripts, Blumka Gallery, New York, 1999,</marc:subfield>
  <marc:subfield code="c">p. 84-87 (no. 21).</marc:subfield>
</marc:datafield>
    <marc:datafield ind1="4" ind2=" " tag="510">
  <marc:subfield code="a">Listed in exhibition handlist, Specula: Mirrors of Man and Nature, Manuscripts from the Collection of Lawrence J. Schoenberg, University of Pennsylvania, 2001,</marc:subfield>
  <marc:subfield code="c">no. 9.</marc:subfield>
</marc:datafield>
    <marc:datafield ind1=" " ind2=" " tag="520">
  <marc:subfield code="a">Digital facsimile of a 15th-century illuminated copy of a 13th-century universal history from Creation through the life of Julius Caesar, including episodes from Biblical, mythologoical, and classical history.  The text, dedicated to Rogier, ch&#xE2;telain of Lille, is a compilation derived from the work of multiple historians, including Eutropius, Orosius, Livy, Lucan, and Suetonius. Images of front cover, front flyleaves, outside back cover, and spine are not included.  The location of the manuscript after its sale in 2006 is unknown.</marc:subfield>
</marc:datafield>
    <marc:datafield ind1=" " ind2=" " tag="524">
  <marc:subfield code="a">LJS 17.</marc:subfield>
</marc:datafield>
    <marc:datafield ind1=" " ind2=" " tag="533">
  <marc:subfield code="a">Electronic reproduction.</marc:subfield>
  <marc:subfield code="b">Philadelphia, Pa. :</marc:subfield>
  <marc:subfield code="c">University of Pennsylvania Libraries,</marc:subfield>
  <marc:subfield code="d">2001?</marc:subfield>
</marc:datafield>
    <marc:datafield ind1=" " ind2=" " tag="534">
  <marc:subfield code="p">Original:</marc:subfield>
  <marc:subfield code="t">Lestorement du monde.</marc:subfield>
  <marc:subfield code="n">Location unknown.</marc:subfield>
</marc:datafield>
    <marc:datafield ind1=" " ind2=" " tag="538">
  <marc:subfield code="a">Mode of access:  Internet.</marc:subfield>
</marc:datafield>
    <marc:datafield ind1=" " ind2=" " tag="546">
  <marc:subfield code="a">Middle French.</marc:subfield>
</marc:datafield>
    <marc:datafield ind1="1" ind2=" " tag="561">
  <marc:subfield code="a">Originally owned by Yves du Fou, knight, counsellor and chamberlain to Louis XI, Grand Veneur de France (1472), Governor of the Dauphin&#xE9; (1457), landowner in Brittany and Poitou (Sotheby's).</marc:subfield>
</marc:datafield>
    <marc:datafield ind1="1" ind2=" " tag="561">
  <marc:subfield code="a">Formerly owned by Alexander Douglas, tenth duke of Hamilton (HB monogram described in catalog for Sotheby's 2006 sale).</marc:subfield>
</marc:datafield>
    <marc:datafield ind1="1" ind2=" " tag="561">
  <marc:subfield code="a">Consigned by descendants of Douglas as part of the Hamilton Palace collection of manuscripts to Sotheby's for sale at auction in 1882, lot 243.</marc:subfield>
</marc:datafield>
    <marc:datafield ind1="1" ind2=" " tag="561">
  <marc:subfield code="a">Sold as part of the Hamilton Palace collection of manuscripts, purchased en bloc by the Prussian government prior to the scheduled sale in 1882.</marc:subfield>
</marc:datafield>
    <marc:datafield ind1="1" ind2=" " tag="561">
  <marc:subfield code="a">Sold by the Prussian government with 60 other Hamilton manuscripts to antiquarian bookseller and publisher Karl J. Tru&#x308;bner, Strasbourg, after 1883.</marc:subfield>
</marc:datafield>
    <marc:datafield ind1="1" ind2=" " tag="561">
  <marc:subfield code="a">Sold at auction at Sotheby's as part of this group of Hamilton manuscripts from Berlin to London booksellers and publishers Robson &amp; Kerslake, 23 May 1889, lot 47.</marc:subfield>
</marc:datafield>
    <marc:datafield ind1="1" ind2=" " tag="561">
  <marc:subfield code="a">Formerly owned by John William Pease (1820-1900, Wardington, Oxfordshire) and by descent by his grandson, Christopher Henry Beaumont Pease, second Lord Wardington (gilt booklabel inside lower cover described in catalog for Sotheby's 2006 sale).</marc:subfield>
</marc:datafield>
    <marc:datafield ind1="1" ind2=" " tag="561">
  <marc:subfield code="a">Gift of Lord Wardington to the bookseller Charles W. Traylen (Guildford, Surrey) in exchange for an atlas, circa 1980.</marc:subfield>
</marc:datafield>
    <marc:datafield ind1="1" ind2=" " tag="561">
  <marc:subfield code="a">Sold by Charles W. Traylen to the bookseller Heribert Tenschert (then in Rotthalmu&#x308;nster, Germany; later in Ramsen, Switzerland).</marc:subfield>
</marc:datafield>
    <marc:datafield ind1="1" ind2=" " tag="561">
  <marc:subfield code="a">Appears in Heribert Tenschert's Catena Aurea (catalog 16, 1984), no. 10 with plate on back cover.</marc:subfield>
</marc:datafield>
    <marc:datafield ind1="1" ind2=" " tag="561">
  <marc:subfield code="a">Sold at auction at Sotheby's to Lawrence J. Schoenberg, 26 November 1985, lot 107.</marc:subfield>
</marc:datafield>
    <marc:datafield ind1="1" ind2=" " tag="561">
  <marc:subfield code="a">Sold by Lawrence J. Schoenberg at auction at Sotheby's to an unknown purchaser, 6 July 2006, lot ?</marc:subfield>
</marc:datafield>
    <marc:datafield ind1=" " ind2="0" tag="650">
  <marc:subfield code="a">World history</marc:subfield>
  <marc:subfield code="v">Early works to 1800.</marc:subfield>
</marc:datafield>
    <marc:datafield ind1=" " ind2="7" tag="655">
  <marc:subfield code="a">Annals and chronicles.</marc:subfield>
  <marc:subfield code="2">lcgft</marc:subfield>
</marc:datafield>
    <marc:datafield ind1=" " ind2="7" tag="655">
  <marc:subfield code="a">Illuminated manuscripts.</marc:subfield>
  <marc:subfield code="2">aat</marc:subfield>
</marc:datafield>
    <marc:datafield ind1=" " ind2="7" tag="655">
  <marc:subfield code="a">Manuscripts, French,</marc:subfield>
  <marc:subfield code="y">15th century.</marc:subfield>
  <marc:subfield code="2">local</marc:subfield>
</marc:datafield>
    <marc:datafield ind1=" " ind2="0" tag="655">
  <marc:subfield code="a">Manuscripts, Renaissance.</marc:subfield>
</marc:datafield>
    <marc:datafield ind1="1" ind2=" " tag="700">
  <marc:subfield code="a">Pease, John William,</marc:subfield>
  <marc:subfield code="d">1820-1900,</marc:subfield>
  <marc:subfield code="e">former owner.</marc:subfield>
</marc:datafield>
    <marc:datafield ind1="1" ind2=" " tag="700">
  <marc:subfield code="a">Wardington, Christopher Henry Beaumont Pease,</marc:subfield>
  <marc:subfield code="c">Lord,</marc:subfield>
  <marc:subfield code="d">1924-2005,</marc:subfield>
  <marc:subfield code="e">former owner.</marc:subfield>
</marc:datafield>
    <marc:datafield ind1="1" ind2=" " tag="700">
  <marc:subfield code="a">Schoenberg, Lawrence J.,</marc:subfield>
  <marc:subfield code="e">former owner.</marc:subfield>
</marc:datafield>
    <marc:datafield ind1="8" ind2=" " tag="852">
  <marc:subfield code="b">Kislak Web</marc:subfield>
  <marc:subfield code="a">University of Pennsylvania.</marc:subfield>
  <marc:subfield code="j">LJS 17</marc:subfield>
</marc:datafield>
    <marc:holdings>
      <marc:holding>
        <marc:holding_id>22659241930003681</marc:holding_id>
        <marc:call_number>LJS 17</marc:call_number>
        <marc:library>KislakCntr</marc:library>
        <marc:location>scmsw</marc:location>
      </marc:holding>
    </marc:holdings>
  </marc:record>
</marc:records>
